%YAML 1.1
%TAG !u! tag:unity3d.com,2011:
--- !u!1 &6464534294255248138
GameObject:
  m_ObjectHideFlags: 0
  m_CorrespondingSourceObject: {fileID: 0}
  m_PrefabInstance: {fileID: 0}
  m_PrefabAsset: {fileID: 0}
  serializedVersion: 6
  m_Component:
  - component: {fileID: 6464534294255248133}
  - component: {fileID: 6464534294255248132}
  - component: {fileID: 6464534294255248139}
  m_Layer: 0
  m_Name: Camera
  m_TagString: Untagged
  m_Icon: {fileID: 0}
  m_NavMeshLayer: 0
  m_StaticEditorFlags: 0
  m_IsActive: 1
--- !u!4 &6464534294255248133
Transform:
  m_ObjectHideFlags: 0
  m_CorrespondingSourceObject: {fileID: 0}
  m_PrefabInstance: {fileID: 0}
  m_PrefabAsset: {fileID: 0}
  m_GameObject: {fileID: 6464534294255248138}
  m_LocalRotation: {x: -0, y: -0.01745145, z: -0, w: -0.9998477}
  m_LocalPosition: {x: -5.62, y: 3.42, z: -8.54}
  m_LocalScale: {x: 1, y: 1, z: 1}
  m_Children: []
  m_Father: {fileID: 6464534295136403702}
  m_RootOrder: 0
  m_LocalEulerAnglesHint: {x: 0, y: -358, z: 0}
--- !u!20 &6464534294255248132
Camera:
  m_ObjectHideFlags: 0
  m_CorrespondingSourceObject: {fileID: 0}
  m_PrefabInstance: {fileID: 0}
  m_PrefabAsset: {fileID: 0}
  m_GameObject: {fileID: 6464534294255248138}
  m_Enabled: 1
  serializedVersion: 2
  m_ClearFlags: 2
  m_BackGroundColor: {r: 0.19215688, g: 0.4745098, b: 0.28028232, a: 0}
  m_projectionMatrixMode: 1
  m_GateFitMode: 2
  m_FOVAxisMode: 0
  m_SensorSize: {x: 36, y: 24}
  m_LensShift: {x: 0, y: 0}
  m_FocalLength: 50
  m_NormalizedViewPortRect:
    serializedVersion: 2
    x: 0
    y: 0
    width: 1
    height: 1
  near clip plane: 0.3
  far clip plane: 1000
  field of view: 60
  orthographic: 0
  orthographic size: 5
  m_Depth: 0
  m_CullingMask:
    serializedVersion: 2
    m_Bits: 4294967295
  m_RenderingPath: -1
  m_TargetTexture: {fileID: 0}
  m_TargetDisplay: 0
  m_TargetEye: 3
  m_HDR: 1
  m_AllowMSAA: 1
  m_AllowDynamicResolution: 0
  m_ForceIntoRT: 0
  m_OcclusionCulling: 1
  m_StereoConvergence: 10
  m_StereoSeparation: 0.022
--- !u!81 &6464534294255248139
AudioListener:
  m_ObjectHideFlags: 0
  m_CorrespondingSourceObject: {fileID: 0}
  m_PrefabInstance: {fileID: 0}
  m_PrefabAsset: {fileID: 0}
  m_GameObject: {fileID: 6464534294255248138}
  m_Enabled: 1
--- !u!1 &6464534294872886640
GameObject:
  m_ObjectHideFlags: 0
  m_CorrespondingSourceObject: {fileID: 0}
  m_PrefabInstance: {fileID: 0}
  m_PrefabAsset: {fileID: 0}
  serializedVersion: 6
  m_Component:
  - component: {fileID: 6464534294872886641}
  - component: {fileID: 6464534294872886540}
  - component: {fileID: 6464534294872886643}
  m_Layer: 0
  m_Name: Wheel Back Right
  m_TagString: Untagged
  m_Icon: {fileID: 0}
  m_NavMeshLayer: 0
  m_StaticEditorFlags: 0
  m_IsActive: 1
--- !u!4 &6464534294872886641
Transform:
  m_ObjectHideFlags: 0
  m_CorrespondingSourceObject: {fileID: 0}
  m_PrefabInstance: {fileID: 0}
  m_PrefabAsset: {fileID: 0}
  m_GameObject: {fileID: 6464534294872886640}
  m_LocalRotation: {x: -0, y: -0, z: 0.7071068, w: 0.7071068}
  m_LocalPosition: {x: 0.37, y: 0.543, z: -1.78}
  m_LocalScale: {x: 1.112917, y: 0.17792214, z: 1.112917}
  m_Children: []
  m_Father: {fileID: 6464534295136403702}
  m_RootOrder: 5
  m_LocalEulerAnglesHint: {x: 0, y: 0, z: 90}
--- !u!33 &6464534294872886540
MeshFilter:
  m_ObjectHideFlags: 0
  m_CorrespondingSourceObject: {fileID: 0}
  m_PrefabInstance: {fileID: 0}
  m_PrefabAsset: {fileID: 0}
  m_GameObject: {fileID: 6464534294872886640}
  m_Mesh: {fileID: 10206, guid: 0000000000000000e000000000000000, type: 0}
--- !u!23 &6464534294872886643
MeshRenderer:
  m_ObjectHideFlags: 0
  m_CorrespondingSourceObject: {fileID: 0}
  m_PrefabInstance: {fileID: 0}
  m_PrefabAsset: {fileID: 0}
  m_GameObject: {fileID: 6464534294872886640}
  m_Enabled: 1
  m_CastShadows: 1
  m_ReceiveShadows: 1
  m_DynamicOccludee: 1
  m_MotionVectors: 1
  m_LightProbeUsage: 1
  m_ReflectionProbeUsage: 1
  m_RayTracingMode: 2
  m_RayTraceProcedural: 0
  m_RenderingLayerMask: 1
  m_RendererPriority: 0
  m_Materials:
  - {fileID: 2100000, guid: 0aa851515cd3747d6b3b3e461199a2ed, type: 2}
  m_StaticBatchInfo:
    firstSubMesh: 0
    subMeshCount: 0
  m_StaticBatchRoot: {fileID: 0}
  m_ProbeAnchor: {fileID: 0}
  m_LightProbeVolumeOverride: {fileID: 0}
  m_ScaleInLightmap: 1
  m_ReceiveGI: 1
  m_PreserveUVs: 0
  m_IgnoreNormalsForChartDetection: 0
  m_ImportantGI: 0
  m_StitchLightmapSeams: 1
  m_SelectedEditorRenderState: 3
  m_MinimumChartSize: 4
  m_AutoUVMaxDistance: 0.5
  m_AutoUVMaxAngle: 89
  m_LightmapParameters: {fileID: 0}
  m_SortingLayerID: 0
  m_SortingLayer: 0
  m_SortingOrder: 0
  m_AdditionalVertexStreams: {fileID: 0}
--- !u!1 &6464534294999639190
GameObject:
  m_ObjectHideFlags: 0
  m_CorrespondingSourceObject: {fileID: 0}
  m_PrefabInstance: {fileID: 0}
  m_PrefabAsset: {fileID: 0}
  serializedVersion: 6
  m_Component:
  - component: {fileID: 6464534294999639191}
  - component: {fileID: 6464534294999639186}
  - component: {fileID: 6464534294999639185}
  m_Layer: 0
  m_Name: Wheel Forward Left
  m_TagString: Untagged
  m_Icon: {fileID: 0}
  m_NavMeshLayer: 0
  m_StaticEditorFlags: 0
  m_IsActive: 1
--- !u!4 &6464534294999639191
Transform:
  m_ObjectHideFlags: 0
  m_CorrespondingSourceObject: {fileID: 0}
  m_PrefabInstance: {fileID: 0}
  m_PrefabAsset: {fileID: 0}
  m_GameObject: {fileID: 6464534294999639190}
  m_LocalRotation: {x: -0, y: -0, z: 0.7071068, w: 0.7071068}
  m_LocalPosition: {x: -3.522541, y: 0.5, z: 4.0208874}
  m_LocalScale: {x: 1.1087983, y: 0.1772637, z: 1.1087983}
  m_Children: []
  m_Father: {fileID: 6464534295136403702}
  m_RootOrder: 2
  m_LocalEulerAnglesHint: {x: 0, y: 0, z: 90}
--- !u!33 &6464534294999639186
MeshFilter:
  m_ObjectHideFlags: 0
  m_CorrespondingSourceObject: {fileID: 0}
  m_PrefabInstance: {fileID: 0}
  m_PrefabAsset: {fileID: 0}
  m_GameObject: {fileID: 6464534294999639190}
  m_Mesh: {fileID: 10206, guid: 0000000000000000e000000000000000, type: 0}
--- !u!23 &6464534294999639185
MeshRenderer:
  m_ObjectHideFlags: 0
  m_CorrespondingSourceObject: {fileID: 0}
  m_PrefabInstance: {fileID: 0}
  m_PrefabAsset: {fileID: 0}
  m_GameObject: {fileID: 6464534294999639190}
  m_Enabled: 1
  m_CastShadows: 1
  m_ReceiveShadows: 1
  m_DynamicOccludee: 1
  m_MotionVectors: 1
  m_LightProbeUsage: 1
  m_ReflectionProbeUsage: 1
  m_RayTracingMode: 2
  m_RayTraceProcedural: 0
  m_RenderingLayerMask: 1
  m_RendererPriority: 0
  m_Materials:
  - {fileID: 2100000, guid: 0aa851515cd3747d6b3b3e461199a2ed, type: 2}
  m_StaticBatchInfo:
    firstSubMesh: 0
    subMeshCount: 0
  m_StaticBatchRoot: {fileID: 0}
  m_ProbeAnchor: {fileID: 0}
  m_LightProbeVolumeOverride: {fileID: 0}
  m_ScaleInLightmap: 1
  m_ReceiveGI: 1
  m_PreserveUVs: 0
  m_IgnoreNormalsForChartDetection: 0
  m_ImportantGI: 0
  m_StitchLightmapSeams: 1
  m_SelectedEditorRenderState: 3
  m_MinimumChartSize: 4
  m_AutoUVMaxDistance: 0.5
  m_AutoUVMaxAngle: 89
  m_LightmapParameters: {fileID: 0}
  m_SortingLayerID: 0
  m_SortingLayer: 0
  m_SortingOrder: 0
  m_AdditionalVertexStreams: {fileID: 0}
--- !u!1 &6464534295085234596
GameObject:
  m_ObjectHideFlags: 0
  m_CorrespondingSourceObject: {fileID: 0}
  m_PrefabInstance: {fileID: 0}
  m_PrefabAsset: {fileID: 0}
  serializedVersion: 6
  m_Component:
  - component: {fileID: 6464534295085234597}
  - component: {fileID: 6464534295085234592}
  - component: {fileID: 6464534295085234599}
  m_Layer: 0
  m_Name: 'Wheel Back Left '
  m_TagString: Untagged
  m_Icon: {fileID: 0}
  m_NavMeshLayer: 0
  m_StaticEditorFlags: 0
  m_IsActive: 1
--- !u!4 &6464534295085234597
Transform:
  m_ObjectHideFlags: 0
  m_CorrespondingSourceObject: {fileID: 0}
  m_PrefabInstance: {fileID: 0}
  m_PrefabAsset: {fileID: 0}
  m_GameObject: {fileID: 6464534295085234596}
  m_LocalRotation: {x: -0, y: -0, z: 0.7071068, w: 0.7071068}
  m_LocalPosition: {x: -3.522541, y: 0.543, z: -1.78}
  m_LocalScale: {x: 1.112917, y: 0.17792214, z: 1.112917}
  m_Children: []
  m_Father: {fileID: 6464534295136403702}
  m_RootOrder: 3
  m_LocalEulerAnglesHint: {x: 0, y: 0, z: 90}
--- !u!33 &6464534295085234592
MeshFilter:
  m_ObjectHideFlags: 0
  m_CorrespondingSourceObject: {fileID: 0}
  m_PrefabInstance: {fileID: 0}
  m_PrefabAsset: {fileID: 0}
  m_GameObject: {fileID: 6464534295085234596}
  m_Mesh: {fileID: 10206, guid: 0000000000000000e000000000000000, type: 0}
--- !u!23 &6464534295085234599
MeshRenderer:
  m_ObjectHideFlags: 0
  m_CorrespondingSourceObject: {fileID: 0}
  m_PrefabInstance: {fileID: 0}
  m_PrefabAsset: {fileID: 0}
  m_GameObject: {fileID: 6464534295085234596}
  m_Enabled: 1
  m_CastShadows: 1
  m_ReceiveShadows: 1
  m_DynamicOccludee: 1
  m_MotionVectors: 1
  m_LightProbeUsage: 1
  m_ReflectionProbeUsage: 1
  m_RayTracingMode: 2
  m_RayTraceProcedural: 0
  m_RenderingLayerMask: 1
  m_RendererPriority: 0
  m_Materials:
  - {fileID: 2100000, guid: 0aa851515cd3747d6b3b3e461199a2ed, type: 2}
  m_StaticBatchInfo:
    firstSubMesh: 0
    subMeshCount: 0
  m_StaticBatchRoot: {fileID: 0}
  m_ProbeAnchor: {fileID: 0}
  m_LightProbeVolumeOverride: {fileID: 0}
  m_ScaleInLightmap: 1
  m_ReceiveGI: 1
  m_PreserveUVs: 0
  m_IgnoreNormalsForChartDetection: 0
  m_ImportantGI: 0
  m_StitchLightmapSeams: 1
  m_SelectedEditorRenderState: 3
  m_MinimumChartSize: 4
  m_AutoUVMaxDistance: 0.5
  m_AutoUVMaxAngle: 89
  m_LightmapParameters: {fileID: 0}
  m_SortingLayerID: 0
  m_SortingLayer: 0
  m_SortingOrder: 0
  m_AdditionalVertexStreams: {fileID: 0}
--- !u!1 &6464534295136403700
GameObject:
  m_ObjectHideFlags: 0
  m_CorrespondingSourceObject: {fileID: 0}
  m_PrefabInstance: {fileID: 0}
  m_PrefabAsset: {fileID: 0}
  serializedVersion: 6
  m_Component:
  - component: {fileID: 6464534295136403702}
  - component: {fileID: 6464534295136403701}
  - component: {fileID: 6464534295136403703}
  - component: {fileID: 2681590405400433038}
  m_Layer: 0
  m_Name: Car
  m_TagString: Untagged
  m_Icon: {fileID: 0}
  m_NavMeshLayer: 0
  m_StaticEditorFlags: 0
  m_IsActive: 1
--- !u!4 &6464534295136403702
Transform:
  m_ObjectHideFlags: 0
  m_CorrespondingSourceObject: {fileID: 0}
  m_PrefabInstance: {fileID: 0}
  m_PrefabAsset: {fileID: 0}
  m_GameObject: {fileID: 6464534295136403700}
  m_LocalRotation: {x: -0, y: -0.7708108, z: -0, w: 0.63706416}
  m_LocalPosition: {x: 21.88, y: 1.04, z: 16.06}
  m_LocalScale: {x: 1, y: 1, z: 1}
  m_Children:
  - {fileID: 6464534294255248133}
  - {fileID: 6464534295154369330}
  - {fileID: 6464534294999639191}
  - {fileID: 6464534295085234597}
  - {fileID: 6464534295298705949}
  - {fileID: 6464534294872886641}
  - {fileID: 7283002385425116442}
  - {fileID: 4780081524406362531}
  - {fileID: 4780081524383178725}
  - {fileID: 4780081526011300848}
  m_Father: {fileID: 0}
  m_RootOrder: 0
  m_LocalEulerAnglesHint: {x: 0, y: -100.854, z: 0}
--- !u!54 &6464534295136403701
Rigidbody:
  m_ObjectHideFlags: 0
  m_CorrespondingSourceObject: {fileID: 0}
  m_PrefabInstance: {fileID: 0}
  m_PrefabAsset: {fileID: 0}
  m_GameObject: {fileID: 6464534295136403700}
  serializedVersion: 2
  m_Mass: 1500
  m_Drag: 0
  m_AngularDrag: 0.05
  m_UseGravity: 1
  m_IsKinematic: 0
  m_Interpolate: 0
  m_Constraints: 0
  m_CollisionDetection: 0
--- !u!114 &6464534295136403703
MonoBehaviour:
  m_ObjectHideFlags: 0
  m_CorrespondingSourceObject: {fileID: 0}
  m_PrefabInstance: {fileID: 0}
  m_PrefabAsset: {fileID: 0}
  m_GameObject: {fileID: 6464534295136403700}
  m_Enabled: 1
  m_EditorHideFlags: 0
  m_Script: {fileID: 11500000, guid: e1aef08accb7db49fbe7c840e72b06e7, type: 3}
  m_Name: 
  m_EditorClassIdentifier: 
  WColForward:
  - {fileID: 3307048957387713801}
  - {fileID: 765842037315067894}
  WColBack:
  - {fileID: 765842037342446000}
  - {fileID: 765842035720719331}
  maxSteer: 30
  maxAccel: 25
  maxBrake: 50
--- !u!114 &2681590405400433038
MonoBehaviour:
  m_ObjectHideFlags: 0
  m_CorrespondingSourceObject: {fileID: 0}
  m_PrefabInstance: {fileID: 0}
  m_PrefabAsset: {fileID: 0}
  m_GameObject: {fileID: 6464534295136403700}
  m_Enabled: 1
  m_EditorHideFlags: 0
  m_Script: {fileID: 11500000, guid: 702579b890679d04abff0e02d7fb140e, type: 3}
  m_Name: 
  m_EditorClassIdentifier: 
  x: 21
  y: 1
  z: 16
--- !u!1 &6464534295154369329
GameObject:
  m_ObjectHideFlags: 0
  m_CorrespondingSourceObject: {fileID: 0}
  m_PrefabInstance: {fileID: 0}
  m_PrefabAsset: {fileID: 0}
  serializedVersion: 6
  m_Component:
  - component: {fileID: 6464534295154369330}
  - component: {fileID: 6464534295154369485}
  - component: {fileID: 6464534295154369484}
  - component: {fileID: 6464534295154369331}
  m_Layer: 0
  m_Name: CarCube
  m_TagString: Untagged
  m_Icon: {fileID: 0}
  m_NavMeshLayer: 0
  m_StaticEditorFlags: 0
  m_IsActive: 1
--- !u!4 &6464534295154369330
Transform:
  m_ObjectHideFlags: 0
  m_CorrespondingSourceObject: {fileID: 0}
  m_PrefabInstance: {fileID: 0}
  m_PrefabAsset: {fileID: 0}
  m_GameObject: {fileID: 6464534295154369329}
  m_LocalRotation: {x: -0, y: 0.007244282, z: -0, w: 0.99997383}
  m_LocalPosition: {x: -1.5965424, y: 1.3645692, z: 1.0148869}
  m_LocalScale: {x: 3.5415535, y: 1.3877329, z: 6.563273}
  m_Children: []
  m_Father: {fileID: 6464534295136403702}
  m_RootOrder: 1
  m_LocalEulerAnglesHint: {x: 0, y: 0.83, z: 0}
--- !u!33 &6464534295154369485
MeshFilter:
  m_ObjectHideFlags: 0
  m_CorrespondingSourceObject: {fileID: 0}
  m_PrefabInstance: {fileID: 0}
  m_PrefabAsset: {fileID: 0}
  m_GameObject: {fileID: 6464534295154369329}
  m_Mesh: {fileID: 10202, guid: 0000000000000000e000000000000000, type: 0}
--- !u!23 &6464534295154369484
MeshRenderer:
  m_ObjectHideFlags: 0
  m_CorrespondingSourceObject: {fileID: 0}
  m_PrefabInstance: {fileID: 0}
  m_PrefabAsset: {fileID: 0}
  m_GameObject: {fileID: 6464534295154369329}
  m_Enabled: 1
  m_CastShadows: 1
  m_ReceiveShadows: 1
  m_DynamicOccludee: 1
  m_MotionVectors: 1
  m_LightProbeUsage: 1
  m_ReflectionProbeUsage: 1
  m_RayTracingMode: 2
  m_RayTraceProcedural: 0
  m_RenderingLayerMask: 1
  m_RendererPriority: 0
  m_Materials:
  - {fileID: 10303, guid: 0000000000000000f000000000000000, type: 0}
  m_StaticBatchInfo:
    firstSubMesh: 0
    subMeshCount: 0
  m_StaticBatchRoot: {fileID: 0}
  m_ProbeAnchor: {fileID: 0}
  m_LightProbeVolumeOverride: {fileID: 0}
  m_ScaleInLightmap: 1
  m_ReceiveGI: 1
  m_PreserveUVs: 0
  m_IgnoreNormalsForChartDetection: 0
  m_ImportantGI: 0
  m_StitchLightmapSeams: 1
  m_SelectedEditorRenderState: 3
  m_MinimumChartSize: 4
  m_AutoUVMaxDistance: 0.5
  m_AutoUVMaxAngle: 89
  m_LightmapParameters: {fileID: 0}
  m_SortingLayerID: 0
  m_SortingLayer: 0
  m_SortingOrder: 0
  m_AdditionalVertexStreams: {fileID: 0}
--- !u!65 &6464534295154369331
BoxCollider:
  m_ObjectHideFlags: 0
  m_CorrespondingSourceObject: {fileID: 0}
  m_PrefabInstance: {fileID: 0}
  m_PrefabAsset: {fileID: 0}
  m_GameObject: {fileID: 6464534295154369329}
  m_Material: {fileID: 0}
  m_IsTrigger: 0
  m_Enabled: 1
  serializedVersion: 2
  m_Size: {x: 1, y: 1, z: 1}
  m_Center: {x: 0, y: 0, z: 0}
--- !u!1 &6464534295298705948
GameObject:
  m_ObjectHideFlags: 0
  m_CorrespondingSourceObject: {fileID: 0}
  m_PrefabInstance: {fileID: 0}
  m_PrefabAsset: {fileID: 0}
  serializedVersion: 6
  m_Component:
  - component: {fileID: 6464534295298705949}
  - component: {fileID: 6464534295298705944}
  - component: {fileID: 6464534295298705951}
  m_Layer: 0
  m_Name: Wheel Forward Right
  m_TagString: Untagged
  m_Icon: {fileID: 0}
  m_NavMeshLayer: 0
  m_StaticEditorFlags: 0
  m_IsActive: 1
--- !u!4 &6464534295298705949
Transform:
  m_ObjectHideFlags: 0
  m_CorrespondingSourceObject: {fileID: 0}
  m_PrefabInstance: {fileID: 0}
  m_PrefabAsset: {fileID: 0}
  m_GameObject: {fileID: 6464534295298705948}
  m_LocalRotation: {x: -0, y: -0, z: 0.7071068, w: 0.7071068}
  m_LocalPosition: {x: 0.25, y: 0.5, z: 4.0208874}
  m_LocalScale: {x: 1.1087983, y: 0.1772637, z: 1.1087983}
  m_Children: []
  m_Father: {fileID: 6464534295136403702}
  m_RootOrder: 4
  m_LocalEulerAnglesHint: {x: 0, y: 0, z: 90}
--- !u!33 &6464534295298705944
MeshFilter:
  m_ObjectHideFlags: 0
  m_CorrespondingSourceObject: {fileID: 0}
  m_PrefabInstance: {fileID: 0}
  m_PrefabAsset: {fileID: 0}
  m_GameObject: {fileID: 6464534295298705948}
  m_Mesh: {fileID: 10206, guid: 0000000000000000e000000000000000, type: 0}
--- !u!23 &6464534295298705951
MeshRenderer:
  m_ObjectHideFlags: 0
  m_CorrespondingSourceObject: {fileID: 0}
  m_PrefabInstance: {fileID: 0}
  m_PrefabAsset: {fileID: 0}
  m_GameObject: {fileID: 6464534295298705948}
  m_Enabled: 1
  m_CastShadows: 1
  m_ReceiveShadows: 1
  m_DynamicOccludee: 1
  m_MotionVectors: 1
  m_LightProbeUsage: 1
  m_ReflectionProbeUsage: 1
  m_RayTracingMode: 2
  m_RayTraceProcedural: 0
  m_RenderingLayerMask: 1
  m_RendererPriority: 0
  m_Materials:
  - {fileID: 2100000, guid: 0aa851515cd3747d6b3b3e461199a2ed, type: 2}
  m_StaticBatchInfo:
    firstSubMesh: 0
    subMeshCount: 0
  m_StaticBatchRoot: {fileID: 0}
  m_ProbeAnchor: {fileID: 0}
  m_LightProbeVolumeOverride: {fileID: 0}
  m_ScaleInLightmap: 1
  m_ReceiveGI: 1
  m_PreserveUVs: 0
  m_IgnoreNormalsForChartDetection: 0
  m_ImportantGI: 0
  m_StitchLightmapSeams: 1
  m_SelectedEditorRenderState: 3
  m_MinimumChartSize: 4
  m_AutoUVMaxDistance: 0.5
  m_AutoUVMaxAngle: 89
  m_LightmapParameters: {fileID: 0}
  m_SortingLayerID: 0
  m_SortingLayer: 0
  m_SortingOrder: 0
  m_AdditionalVertexStreams: {fileID: 0}
--- !u!1001 &6464534294562328544
PrefabInstance:
  m_ObjectHideFlags: 0
  serializedVersion: 2
  m_Modification:
    m_TransformParent: {fileID: 6464534295136403702}
    m_Modifications:
    - target: {fileID: 2008853248369771536, guid: 05aa567444dc416b1b4a44004a942ee8, type: 3}
      propertyPath: m_RootOrder
      value: 9
      objectReference: {fileID: 0}
    - target: {fileID: 2008853248369771536, guid: 05aa567444dc416b1b4a44004a942ee8, type: 3}
      propertyPath: m_LocalPosition.x
      value: 0.221
      objectReference: {fileID: 0}
    - target: {fileID: 2008853248369771536, guid: 05aa567444dc416b1b4a44004a942ee8, type: 3}
      propertyPath: m_LocalPosition.y
      value: 0.662
      objectReference: {fileID: 0}
    - target: {fileID: 2008853248369771536, guid: 05aa567444dc416b1b4a44004a942ee8, type: 3}
      propertyPath: m_LocalPosition.z
      value: -1.807
      objectReference: {fileID: 0}
    - target: {fileID: 2008853248369771536, guid: 05aa567444dc416b1b4a44004a942ee8, type: 3}
      propertyPath: m_LocalRotation.w
      value: 1
      objectReference: {fileID: 0}
    - target: {fileID: 2008853248369771536, guid: 05aa567444dc416b1b4a44004a942ee8, type: 3}
      propertyPath: m_LocalRotation.x
      value: -0
      objectReference: {fileID: 0}
    - target: {fileID: 2008853248369771536, guid: 05aa567444dc416b1b4a44004a942ee8, type: 3}
      propertyPath: m_LocalRotation.y
      value: -0
      objectReference: {fileID: 0}
    - target: {fileID: 2008853248369771536, guid: 05aa567444dc416b1b4a44004a942ee8, type: 3}
      propertyPath: m_LocalRotation.z
      value: -0
      objectReference: {fileID: 0}
    - target: {fileID: 2008853248369771536, guid: 05aa567444dc416b1b4a44004a942ee8, type: 3}
      propertyPath: m_LocalEulerAnglesHint.x
      value: 0
      objectReference: {fileID: 0}
    - target: {fileID: 2008853248369771536, guid: 05aa567444dc416b1b4a44004a942ee8, type: 3}
      propertyPath: m_LocalEulerAnglesHint.y
      value: 0
      objectReference: {fileID: 0}
    - target: {fileID: 2008853248369771536, guid: 05aa567444dc416b1b4a44004a942ee8, type: 3}
      propertyPath: m_LocalEulerAnglesHint.z
      value: 0
      objectReference: {fileID: 0}
    - target: {fileID: 2098703051717080540, guid: 05aa567444dc416b1b4a44004a942ee8, type: 3}
      propertyPath: m_Name
      value: WCollider Back Right
      objectReference: {fileID: 0}
    - target: {fileID: 5987099158283404291, guid: 05aa567444dc416b1b4a44004a942ee8, type: 3}
      propertyPath: m_Radius
      value: 0.5
      objectReference: {fileID: 0}
    m_RemovedComponents: []
  m_SourcePrefab: {fileID: 100100000, guid: 05aa567444dc416b1b4a44004a942ee8, type: 3}
--- !u!4 &4780081526011300848 stripped
Transform:
  m_CorrespondingSourceObject: {fileID: 2008853248369771536, guid: 05aa567444dc416b1b4a44004a942ee8, type: 3}
  m_PrefabInstance: {fileID: 6464534294562328544}
  m_PrefabAsset: {fileID: 0}
--- !u!146 &765842035720719331 stripped
WheelCollider:
  m_CorrespondingSourceObject: {fileID: 5987099158283404291, guid: 05aa567444dc416b1b4a44004a942ee8, type: 3}
  m_PrefabInstance: {fileID: 6464534294562328544}
  m_PrefabAsset: {fileID: 0}
--- !u!1001 &6464534295082703861
PrefabInstance:
  m_ObjectHideFlags: 0
  serializedVersion: 2
  m_Modification:
    m_TransformParent: {fileID: 6464534295136403702}
    m_Modifications:
    - target: {fileID: 2008853248369771536, guid: 05aa567444dc416b1b4a44004a942ee8, type: 3}
      propertyPath: m_RootOrder
      value: 8
      objectReference: {fileID: 0}
    - target: {fileID: 2008853248369771536, guid: 05aa567444dc416b1b4a44004a942ee8, type: 3}
      propertyPath: m_LocalPosition.x
      value: 0.221
      objectReference: {fileID: 0}
    - target: {fileID: 2008853248369771536, guid: 05aa567444dc416b1b4a44004a942ee8, type: 3}
      propertyPath: m_LocalPosition.y
      value: 0.662
      objectReference: {fileID: 0}
    - target: {fileID: 2008853248369771536, guid: 05aa567444dc416b1b4a44004a942ee8, type: 3}
      propertyPath: m_LocalPosition.z
      value: 4.025
      objectReference: {fileID: 0}
    - target: {fileID: 2008853248369771536, guid: 05aa567444dc416b1b4a44004a942ee8, type: 3}
      propertyPath: m_LocalRotation.w
      value: 1
      objectReference: {fileID: 0}
    - target: {fileID: 2008853248369771536, guid: 05aa567444dc416b1b4a44004a942ee8, type: 3}
      propertyPath: m_LocalRotation.x
      value: -0
      objectReference: {fileID: 0}
    - target: {fileID: 2008853248369771536, guid: 05aa567444dc416b1b4a44004a942ee8, type: 3}
      propertyPath: m_LocalRotation.y
      value: -0
      objectReference: {fileID: 0}
    - target: {fileID: 2008853248369771536, guid: 05aa567444dc416b1b4a44004a942ee8, type: 3}
      propertyPath: m_LocalRotation.z
      value: -0
      objectReference: {fileID: 0}
    - target: {fileID: 2008853248369771536, guid: 05aa567444dc416b1b4a44004a942ee8, type: 3}
      propertyPath: m_LocalEulerAnglesHint.x
      value: 0
      objectReference: {fileID: 0}
    - target: {fileID: 2008853248369771536, guid: 05aa567444dc416b1b4a44004a942ee8, type: 3}
      propertyPath: m_LocalEulerAnglesHint.y
      value: 0
      objectReference: {fileID: 0}
    - target: {fileID: 2008853248369771536, guid: 05aa567444dc416b1b4a44004a942ee8, type: 3}
      propertyPath: m_LocalEulerAnglesHint.z
      value: 0
      objectReference: {fileID: 0}
    - target: {fileID: 2098703051717080540, guid: 05aa567444dc416b1b4a44004a942ee8, type: 3}
      propertyPath: m_Name
      value: WCollider Forward Right
      objectReference: {fileID: 0}
    - target: {fileID: 5987099158283404291, guid: 05aa567444dc416b1b4a44004a942ee8, type: 3}
      propertyPath: m_Radius
      value: 0.5
      objectReference: {fileID: 0}
    m_RemovedComponents: []
  m_SourcePrefab: {fileID: 100100000, guid: 05aa567444dc416b1b4a44004a942ee8, type: 3}
--- !u!4 &4780081524383178725 stripped
Transform:
  m_CorrespondingSourceObject: {fileID: 2008853248369771536, guid: 05aa567444dc416b1b4a44004a942ee8, type: 3}
  m_PrefabInstance: {fileID: 6464534295082703861}
  m_PrefabAsset: {fileID: 0}
--- !u!146 &765842037315067894 stripped
WheelCollider:
  m_CorrespondingSourceObject: {fileID: 5987099158283404291, guid: 05aa567444dc416b1b4a44004a942ee8, type: 3}
  m_PrefabInstance: {fileID: 6464534295082703861}
  m_PrefabAsset: {fileID: 0}
--- !u!1001 &6464534295093339571
PrefabInstance:
  m_ObjectHideFlags: 0
  serializedVersion: 2
  m_Modification:
    m_TransformParent: {fileID: 6464534295136403702}
    m_Modifications:
    - target: {fileID: 2008853248369771536, guid: 05aa567444dc416b1b4a44004a942ee8, type: 3}
      propertyPath: m_RootOrder
      value: 7
      objectReference: {fileID: 0}
    - target: {fileID: 2008853248369771536, guid: 05aa567444dc416b1b4a44004a942ee8, type: 3}
      propertyPath: m_LocalPosition.x
      value: -3.49
      objectReference: {fileID: 0}
    - target: {fileID: 2008853248369771536, guid: 05aa567444dc416b1b4a44004a942ee8, type: 3}
      propertyPath: m_LocalPosition.y
      value: 0.671
      objectReference: {fileID: 0}
    - target: {fileID: 2008853248369771536, guid: 05aa567444dc416b1b4a44004a942ee8, type: 3}
      propertyPath: m_LocalPosition.z
      value: -1.774
      objectReference: {fileID: 0}
    - target: {fileID: 2008853248369771536, guid: 05aa567444dc416b1b4a44004a942ee8, type: 3}
      propertyPath: m_LocalRotation.w
      value: 1
      objectReference: {fileID: 0}
    - target: {fileID: 2008853248369771536, guid: 05aa567444dc416b1b4a44004a942ee8, type: 3}
      propertyPath: m_LocalRotation.x
      value: -0
      objectReference: {fileID: 0}
    - target: {fileID: 2008853248369771536, guid: 05aa567444dc416b1b4a44004a942ee8, type: 3}
      propertyPath: m_LocalRotation.y
      value: -0
      objectReference: {fileID: 0}
    - target: {fileID: 2008853248369771536, guid: 05aa567444dc416b1b4a44004a942ee8, type: 3}
      propertyPath: m_LocalRotation.z
      value: -0
      objectReference: {fileID: 0}
    - target: {fileID: 2008853248369771536, guid: 05aa567444dc416b1b4a44004a942ee8, type: 3}
      propertyPath: m_LocalEulerAnglesHint.x
      value: 0
      objectReference: {fileID: 0}
    - target: {fileID: 2008853248369771536, guid: 05aa567444dc416b1b4a44004a942ee8, type: 3}
      propertyPath: m_LocalEulerAnglesHint.y
      value: 0
      objectReference: {fileID: 0}
    - target: {fileID: 2008853248369771536, guid: 05aa567444dc416b1b4a44004a942ee8, type: 3}
      propertyPath: m_LocalEulerAnglesHint.z
      value: 0
      objectReference: {fileID: 0}
    - target: {fileID: 2098703051717080540, guid: 05aa567444dc416b1b4a44004a942ee8, type: 3}
      propertyPath: m_Name
      value: WCollider Back Left
      objectReference: {fileID: 0}
    - target: {fileID: 5987099158283404291, guid: 05aa567444dc416b1b4a44004a942ee8, type: 3}
      propertyPath: m_Radius
      value: 0.5
      objectReference: {fileID: 0}
    m_RemovedComponents: []
  m_SourcePrefab: {fileID: 100100000, guid: 05aa567444dc416b1b4a44004a942ee8, type: 3}
--- !u!4 &4780081524406362531 stripped
Transform:
  m_CorrespondingSourceObject: {fileID: 2008853248369771536, guid: 05aa567444dc416b1b4a44004a942ee8, type: 3}
  m_PrefabInstance: {fileID: 6464534295093339571}
  m_PrefabAsset: {fileID: 0}
--- !u!146 &765842037342446000 stripped
WheelCollider:
  m_CorrespondingSourceObject: {fileID: 5987099158283404291, guid: 05aa567444dc416b1b4a44004a942ee8, type: 3}
  m_PrefabInstance: {fileID: 6464534295093339571}
  m_PrefabAsset: {fileID: 0}
--- !u!1001 &9147529339467622666
PrefabInstance:
  m_ObjectHideFlags: 0
  serializedVersion: 2
  m_Modification:
    m_TransformParent: {fileID: 6464534295136403702}
    m_Modifications:
    - target: {fileID: 2008853248369771536, guid: 05aa567444dc416b1b4a44004a942ee8, type: 3}
      propertyPath: m_RootOrder
      value: 6
      objectReference: {fileID: 0}
    - target: {fileID: 2008853248369771536, guid: 05aa567444dc416b1b4a44004a942ee8, type: 3}
      propertyPath: m_LocalPosition.x
      value: -3.49
      objectReference: {fileID: 0}
    - target: {fileID: 2008853248369771536, guid: 05aa567444dc416b1b4a44004a942ee8, type: 3}
      propertyPath: m_LocalPosition.y
      value: 0.662
      objectReference: {fileID: 0}
    - target: {fileID: 2008853248369771536, guid: 05aa567444dc416b1b4a44004a942ee8, type: 3}
      propertyPath: m_LocalPosition.z
      value: 4.025
      objectReference: {fileID: 0}
    - target: {fileID: 2008853248369771536, guid: 05aa567444dc416b1b4a44004a942ee8, type: 3}
      propertyPath: m_LocalRotation.w
      value: 1
      objectReference: {fileID: 0}
    - target: {fileID: 2008853248369771536, guid: 05aa567444dc416b1b4a44004a942ee8, type: 3}
      propertyPath: m_LocalRotation.x
      value: -0
      objectReference: {fileID: 0}
    - target: {fileID: 2008853248369771536, guid: 05aa567444dc416b1b4a44004a942ee8, type: 3}
      propertyPath: m_LocalRotation.y
      value: -0
      objectReference: {fileID: 0}
    - target: {fileID: 2008853248369771536, guid: 05aa567444dc416b1b4a44004a942ee8, type: 3}
      propertyPath: m_LocalRotation.z
      value: -0
      objectReference: {fileID: 0}
    - target: {fileID: 2008853248369771536, guid: 05aa567444dc416b1b4a44004a942ee8, type: 3}
      propertyPath: m_LocalEulerAnglesHint.x
      value: 0
      objectReference: {fileID: 0}
    - target: {fileID: 2008853248369771536, guid: 05aa567444dc416b1b4a44004a942ee8, type: 3}
      propertyPath: m_LocalEulerAnglesHint.y
      value: 0
      objectReference: {fileID: 0}
    - target: {fileID: 2008853248369771536, guid: 05aa567444dc416b1b4a44004a942ee8, type: 3}
      propertyPath: m_LocalEulerAnglesHint.z
      value: 0
      objectReference: {fileID: 0}
    - target: {fileID: 2098703051717080540, guid: 05aa567444dc416b1b4a44004a942ee8, type: 3}
      propertyPath: m_Name
      value: WCollider Forward Left
      objectReference: {fileID: 0}
    - target: {fileID: 5987099158283404291, guid: 05aa567444dc416b1b4a44004a942ee8, type: 3}
      propertyPath: m_Radius
      value: 0.5
      objectReference: {fileID: 0}
    m_RemovedComponents: []
  m_SourcePrefab: {fileID: 100100000, guid: 05aa567444dc416b1b4a44004a942ee8, type: 3}
--- !u!146 &3307048957387713801 stripped
WheelCollider:
  m_CorrespondingSourceObject: {fileID: 5987099158283404291, guid: 05aa567444dc416b1b4a44004a942ee8, type: 3}
  m_PrefabInstance: {fileID: 9147529339467622666}
  m_PrefabAsset: {fileID: 0}
--- !u!4 &7283002385425116442 stripped
Transform:
  m_CorrespondingSourceObject: {fileID: 2008853248369771536, guid: 05aa567444dc416b1b4a44004a942ee8, type: 3}
  m_PrefabInstance: {fileID: 9147529339467622666}
  m_PrefabAsset: {fileID: 0}
